@misc{marconato2023interpretability,
      title={Interpretability is in the Mind of the Beholder: A Causal Framework for Human-interpretable Representation Learning}, 
      author={Emanuele Marconato and Andrea Passerini and Stefano Teso},
      year={2023},
      eprint={2309.07742},
      archivePrefix={arXiv},
      primaryClass={cs.LG}
}

@misc{wang2023concept,
      title={Concept Algebra for Score-Based Conditional Models}, 
      author={Zihao Wang and Lin Gui and Jeffrey Negrea and Victor Veitch},
      year={2023},
      eprint={2302.03693},
      archivePrefix={arXiv},
      primaryClass={cs.CL}
}