@unpublished{reber2023whatsyourusecase,
      title={What's your Use Case? A Taxonomy of Causal Evaluations of Post-hoc Interpretability},
      author={David Reber and Cristina G\^arbacea and Victor Veitch},
      note={Accepted to the NeurIPS 2023 Causal Representation Learning workshop. Forthcoming.},
      year={2023},
      organization={University of Chicago}
}
