@misc{belinkov2021probing,
      title={Probing Classifiers: Promises, Shortcomings, and Advances}, 
      author={Yonatan Belinkov},
      year={2021},
      eprint={2102.12452},
      archivePrefix={arXiv},
      primaryClass={cs.CL}
}

@misc{räuker2023transparent,
      title={Toward Transparent AI: A Survey on Interpreting the Inner Structures of Deep Neural Networks}, 
      author={Tilman Räuker and Anson Ho and Stephen Casper and Dylan Hadfield-Menell},
      year={2023},
      eprint={2207.13243},
      archivePrefix={arXiv},
      primaryClass={cs.LG}
}