@misc{gurnee2023finding,
      title={Finding Neurons in a Haystack: Case Studies with Sparse Probing}, 
      author={Wes Gurnee and Neel Nanda and Matthew Pauly and Katherine Harvey and Dmitrii Troitskii and Dimitris Bertsimas},
      year={2023},
      eprint={2305.01610},
      archivePrefix={arXiv},
      primaryClass={cs.LG}
}

@misc{li2023inferencetime,
      title={Inference-Time Intervention: Eliciting Truthful Answers from a Language Model}, 
      author={Kenneth Li and Oam Patel and Fernanda Viégas and Hanspeter Pfister and Martin Wattenberg},
      year={2023},
      eprint={2306.03341},
      archivePrefix={arXiv},
      primaryClass={cs.LG}
}

@misc{mcgrath2023hydra,
      title={The Hydra Effect: Emergent Self-repair in Language Model Computations}, 
      author={Thomas McGrath and Matthew Rahtz and Janos Kramar and Vladimir Mikulik and Shane Legg},
      year={2023},
      eprint={2307.15771},
      archivePrefix={arXiv},
      primaryClass={cs.LG}
}

@misc{conmy2023automated,
      title={Towards Automated Circuit Discovery for Mechanistic Interpretability}, 
      author={Arthur Conmy and Augustine N. Mavor-Parker and Aengus Lynch and Stefan Heimersheim and Adrià Garriga-Alonso},
      year={2023},
      eprint={2304.14997},
      archivePrefix={arXiv},
      primaryClass={cs.LG}
}

@misc{hu2022causal,
      title={A Causal Lens for Controllable Text Generation}, 
      author={Zhiting Hu and Li Erran Li},
      year={2022},
      eprint={2201.09119},
      archivePrefix={arXiv},
      primaryClass={cs.CL}
}

@misc{burns2022discovering,
      title={Discovering Latent Knowledge in Language Models Without Supervision}, 
      author={Collin Burns and Haotian Ye and Dan Klein and Jacob Steinhardt},
      year={2022},
      eprint={2212.03827},
      archivePrefix={arXiv},
      primaryClass={cs.CL}
}

@misc{ilharco2023editing,
      title={Editing Models with Task Arithmetic}, 
      author={Gabriel Ilharco and Marco Tulio Ribeiro and Mitchell Wortsman and Suchin Gururangan and Ludwig Schmidt and Hannaneh Hajishirzi and Ali Farhadi},
      year={2023},
      eprint={2212.04089},
      archivePrefix={arXiv},
      primaryClass={cs.LG}
}

@misc{hase2023does,
      title={Does Localization Inform Editing? Surprising Differences in Causality-Based Localization vs. Knowledge Editing in Language Models}, 
      author={Peter Hase and Mohit Bansal and Been Kim and Asma Ghandeharioun},
      year={2023},
      eprint={2301.04213},
      archivePrefix={arXiv},
      primaryClass={cs.LG}
}

@misc{piantadosi2022meaning,
      title={Meaning without reference in large language models}, 
      author={Steven T. Piantadosi and Felix Hill},
      year={2022},
      eprint={2208.02957},
      archivePrefix={arXiv},
      primaryClass={cs.CL}
}

@misc{li2023emergent,
      title={Emergent World Representations: Exploring a Sequence Model Trained on a Synthetic Task}, 
      author={Kenneth Li and Aspen K. Hopkins and David Bau and Fernanda Viégas and Hanspeter Pfister and Martin Wattenberg},
      year={2023},
      eprint={2210.13382},
      archivePrefix={arXiv},
      primaryClass={cs.LG}
}

@article{chan2022causal, 
	title={Causal scrubbing, a method for rigorously testing interpretability hypotheses},
	author={Chan, Lawrence and Garriga-Alonso, Adrià and Goldwosky-Dill, Nicholas and Greenblatt, Ryan and Nitishinskaya, Jenny and Radhakrishnan, Ansh and Shlegeris, Buck and Thomas, Nate},
	year={2022},
	journal={AI Alignment Forum},
	note={\url{https://www.alignmentforum.org/posts/JvZhhzycHu2Yd57RN/causal-scrubbing-a-method-for-rigorously-testing}}
}

@misc{belrose2023eliciting,
      title={Eliciting Latent Predictions from Transformers with the Tuned Lens}, 
      author={Nora Belrose and Zach Furman and Logan Smith and Danny Halawi and Igor Ostrovsky and Lev McKinney and Stella Biderman and Jacob Steinhardt},
      year={2023},
      eprint={2303.08112},
      archivePrefix={arXiv},
      primaryClass={cs.LG}
}
