@misc{wu2023interpretability,
      title={Interpretability at Scale: Identifying Causal Mechanisms in Alpaca}, 
      author={Zhengxuan Wu and Atticus Geiger and Christopher Potts and Noah D. Goodman},
      year={2023},
      eprint={2305.08809},
      archivePrefix={arXiv},
      primaryClass={cs.CL}
}

@misc{geiger2023finding,
      title={Finding Alignments Between Interpretable Causal Variables and Distributed Neural Representations}, 
      author={Atticus Geiger and Zhengxuan Wu and Christopher Potts and Thomas Icard and Noah D. Goodman},
      year={2023},
      eprint={2303.02536},
      archivePrefix={arXiv},
      primaryClass={cs.AI}
}

@article{zhong2023clock,
  title={The clock and the pizza: Two stories in mechanistic explanation of neural networks},
  author={Zhong, Ziqian and Liu, Ziming and Tegmark, Max and Andreas, Jacob},
  journal={arXiv preprint arXiv:2306.17844},
  year={2023}
}

@article{alain2016understanding,
  title={Understanding intermediate layers using linear classifier probes},
  author={Alain, Guillaume and Bengio, Yoshua},
  journal={arXiv preprint arXiv:1610.01644},
  year={2016}
}

@article{meng2022locating,
  title={Locating and editing factual associations in GPT},
  author={Meng, Kevin and Bau, David and Andonian, Alex and Belinkov, Yonatan},
  journal={Advances in Neural Information Processing Systems},
  volume={35},
  pages={17359--17372},
  year={2022}
}

@article{nanda2023emergent,
  title={Emergent linear representations in world models of self-supervised sequence models},
  author={Nanda, Neel and Lee, Andrew and Wattenberg, Martin},
  journal={arXiv preprint arXiv:2309.00941},
  year={2023}
}

@misc{geiger2023causal,
      title={Causal Abstraction for Faithful Model Interpretation}, 
      author={Atticus Geiger and Chris Potts and Thomas Icard},
      year={2023},
      eprint={2301.04709},
      archivePrefix={arXiv},
      primaryClass={cs.AI}
}

@incollection{bareinboim2022pearl,
  title={On Pearlâ€™s hierarchy and the foundations of causal inference},
  author={Bareinboim, Elias and Correa, Juan D and Ibeling, Duligur and Icard, Thomas},
  booktitle={Probabilistic and causal inference: the works of judea pearl},
  pages={507--556},
  year={2022}
}

@inproceedings{rauker2023toward,
  title={Toward transparent ai: A survey on interpreting the inner structures of deep neural networks},
  author={R{\"a}uker, Tilman and Ho, Anson and Casper, Stephen and Hadfield-Menell, Dylan},
  booktitle={2023 IEEE Conference on Secure and Trustworthy Machine Learning (SaTML)},
  pages={464--483},
  year={2023},
  organization={IEEE}
}